<record><leader>00000cas a2200000 a 4500</leader><controlfield tag="001">12348115</controlfield><controlfield tag="008">850805d18861888ksuwr ne      0    0eng d</controlfield><datafield ind1=" " ind2=" " tag="010"><subfield code="a">sn 85031575 </subfield></datafield><datafield ind1=" " ind2=" " tag="040"><subfield code="a">KSH</subfield><subfield code="b">eng</subfield><subfield code="c">KSH</subfield><subfield code="d">NPT</subfield><subfield code="d">OCL</subfield><subfield code="d">OCLCQ</subfield></datafield><datafield ind1=" " ind2=" " tag="042"><subfield code="a">msc</subfield></datafield><datafield ind1="0" ind2="4" tag="245"><subfield code="a">The Norton democrat.</subfield></datafield><datafield ind1="1" ind2="3" tag="246"><subfield code="a">Norton semi-weekly democrat</subfield><subfield code="f">Jan. 4-Feb. 11, 1887; Mar. 15-Sept. 30, 1887</subfield></datafield><datafield ind1="1" ind2="3" tag="246"><subfield code="a">Norton weekly democrat</subfield><subfield code="f">Mar. 13-June 26, 1888</subfield></datafield><datafield ind1=" " ind2=" " tag="260"><subfield code="a">Norton, Kan. :</subfield><subfield code="b">Geo. B. Stear,</subfield><subfield code="c">1886-1888.</subfield></datafield><datafield ind1=" " ind2=" " tag="300"><subfield code="a">3 v. ;</subfield><subfield code="c">54 cm.</subfield></datafield><datafield ind1=" " ind2=" " tag="310"><subfield code="a">Weekly,</subfield><subfield code="b">Mar. 13-June 26, 1888</subfield></datafield><datafield ind1=" " ind2=" " tag="321"><subfield code="a">Frequency varies,</subfield><subfield code="b">June 17, 1886-Mar. 6, 1888</subfield></datafield><datafield ind1="0" ind2=" " tag="362"><subfield code="a">Vol. 1, no. 11 (June 17, 1886)-v. 3, no. 27 (June 26, 1888).</subfield></datafield><datafield ind1=" " ind2=" " tag="500"><subfield code="a">Publisher varies.</subfield></datafield><datafield ind1=" " ind2=" " tag="752"><subfield code="a">United States</subfield><subfield code="b">Kansas</subfield><subfield code="c">Norton</subfield><subfield code="d">Norton.</subfield></datafield><datafield ind1="0" ind2="0" tag="780"><subfield code="t">Norton reporter</subfield><subfield code="w">(DLC)sn 85031936</subfield></datafield><datafield ind1="0" ind2="0" tag="785"><subfield code="t">Weekly new era &amp; Norton weekly democrat</subfield><subfield code="w">(DLC)sn 85031574</subfield></datafield></record>